%% This BibTeX bibliography file was created using BibDesk.
%% http://bibdesk.sourceforge.net/

%% Created for Colin Swaney at 2018-03-17 11:37:23 -0500 


%% Saved with string encoding Unicode (UTF-8) 



@article{Guilbaud2013,
	Author = {Fabien Guilbaud and Huy{\^e}n Pham},
	Date-Added = {2018-03-17 16:37:19 +0000},
	Date-Modified = {2018-03-17 16:37:19 +0000},
	Journal = {Quantitative Finance},
	Number = {1},
	Pages = {79-94},
	Title = {Optimal high-frequency trading with limit and market orders},
	Volume = {13},
	Year = {2013},
	Bdsk-Url-1 = {https://doi.org/10.1080/14697688.2012.708779}}

@article{Mnih2015,
	Author = {Mnih, Volodymyr and Kavukcuoglu, Koray and Silver, David and Rusu, Andrei A. and Veness, Joel and Bellemare, Marc G. and Graves, Alex and Riedmiller, Martin and Fidjeland, Andreas K. and Ostrovski, Georg and Petersen, Stig and Beattie, Charles and Sadik, Amir and Antonoglou, Ioannis and King, Helen and Kumaran, Dharshan and Wierstra, Daan and Legg, Shane and Hassabis, Demis},
	Date = {2015/02/25/online},
	Date-Added = {2018-03-14 19:24:08 +0000},
	Date-Modified = {2018-03-14 19:24:20 +0000},
	Day = {25},
	Journal = {Nature},
	L3 = {10.1038/nature14236; https://www.nature.com/articles/nature14236#supplementary-information},
	Month = {02},
	Pages = {529 EP -},
	Publisher = {Nature Publishing Group, a division of Macmillan Publishers Limited. All Rights Reserved. SN -},
	Title = {Human-level control through deep reinforcement learning},
	Ty = {JOUR},
	Url = {http://dx.doi.org/10.1038/nature14236},
	Volume = {518},
	Year = {2015},
	Bdsk-Url-1 = {http://dx.doi.org/10.1038/nature14236}}

@article{Silver2017,
	Author = {Silver, David and Schrittwieser, Julian and Simonyan, Karen and Antonoglou, Ioannis and Huang, Aja and Guez, Arthur and Hubert, Thomas and Baker, Lucas and Lai, Matthew and Bolton, Adrian and Chen, Yutian and Lillicrap, Timothy and Hui, Fan and Sifre, Laurent and van den Driessche, George and Graepel, Thore and Hassabis, Demis},
	Date = {2017/10/18/online},
	Date-Added = {2018-03-14 19:24:03 +0000},
	Date-Modified = {2018-03-14 19:24:29 +0000},
	Day = {18},
	Journal = {Nature},
	L3 = {10.1038/nature24270; https://www.nature.com/articles/nature24270#supplementary-information},
	M3 = {Article},
	Month = {10},
	Pages = {354 EP -},
	Publisher = {Macmillan Publishers Limited, part of Springer Nature. All rights reserved. SN -},
	Title = {Mastering the game of Go without human knowledge},
	Ty = {JOUR},
	Url = {http://dx.doi.org/10.1038/nature24270},
	Volume = {550},
	Year = {2017},
	Bdsk-Url-1 = {http://dx.doi.org/10.1038/nature24270}}

@article{Hawkes1971,
	Author = {Alan G. Hawkes},
	Date-Added = {2018-03-09 03:22:09 +0000},
	Date-Modified = {2018-03-09 03:24:17 +0000},
	Journal = {Biometrika},
	Keywords = {Econometrics},
	Number = {I},
	Pages = {83},
	Title = {Spectra of some self-exciting and mutually exciting point processes},
	Volume = {58},
	Year = {1971}}

@book{Kingman1993,
	Author = {John F. C. Kingman},
	Date-Added = {2018-03-08 20:59:53 +0000},
	Date-Modified = {2018-03-08 21:01:20 +0000},
	Keywords = {Econometrics},
	Month = {January},
	Publisher = {Oxford University Press},
	Title = {Poisson Processes (Oxford Studies in Probability)},
	Year = {1993}}

@article{Cho2013,
	Author = {Yoon Sik Cho and Aram Galstyan and Jeff Brantingham and George Tita},
	Date-Added = {2018-03-08 20:34:46 +0000},
	Date-Modified = {2018-03-08 20:45:55 +0000},
	Journal = {arXiv:1302.2671},
	Keywords = {Econometrics, Machine Learning},
	Title = {Latent point process models for spatial-temporal networks},
	Year = {2013}}

@article{Bacry2016,
	Author = {Emmanuel Bacry and Thibault Jaisson and Jean--Fran{\c c}ois Muzy},
	Date-Added = {2017-07-28 14:59:12 +0000},
	Date-Modified = {2017-07-28 14:59:12 +0000},
	Journal = {Quantitative Finance},
	Keywords = {Order Book Models},
	Number = {8},
	Pages = {1179-1201},
	Title = {Estimation of slowly decreasing Hawkes kernels: application to high-frequency order book dynamics},
	Volume = {16},
	Year = {2016},
	Bdsk-Url-1 = {http://dx.doi.org/10.1080/14697688.2015.1123287}}

@article{Brogaard2015,
	Author = {Brogaard, Jonathan and Hendershott, Terrence and Riordan, Ryan},
	Date-Added = {2017-07-28 11:10:45 +0000},
	Date-Modified = {2017-07-28 11:10:45 +0000},
	Journal = {SSRN working paper},
	Title = {{Price Discovery without Trading: Evidence from Limit Orders}},
	Year = {2015}}

@article{Lachapelle2013,
	Author = {Lachapelle, Aim{\'{e}} and Lasry, Jean-Michel and Lehalle, Charles-Albert and Lions, Pierre-Louis},
	Date-Added = {2017-07-27 20:03:59 +0000},
	Date-Modified = {2017-07-27 20:03:59 +0000},
	Journal = {Mathematics and Financial Economics},
	Pages = {1--40},
	Title = {{Efficiency of the price formation process in presence of high frequency participants: a mean field game analysis}},
	Year = {2015}}

@article{Kirilenko2015,
	Author = {Kirilenko, Andrei and Kyle, Albert S. and Samadi, Mehrdad and Tugkan, Tuzun},
	Date-Added = {2017-07-27 20:03:31 +0000},
	Date-Modified = {2017-07-27 20:03:31 +0000},
	Journal = {SSRN working paper},
	Title = {{The Flash Crash: The Impact of High Frequency Trading on an Electronic Market}},
	Year = {2015}}

@article{Hagstromer2013,
	Author = {Hagstr{\"{o}}mer, Bj{\"{o}}rn and Nord{\'{e}}n, Lars},
	Date-Added = {2017-07-27 19:53:24 +0000},
	Date-Modified = {2017-07-27 19:53:24 +0000},
	Journal = {Journal of Financial Markets},
	Number = {4},
	Pages = {741--770},
	Title = {{The diversity of high-frequency traders}},
	Volume = {16},
	Year = {2013}}

@article{Hendershott2011,
	Author = {Hendershott, Terrence and Jones, Charles M. and Menkveld, Albert J.},
	Date-Added = {2017-07-27 19:53:20 +0000},
	Date-Modified = {2017-07-27 19:53:20 +0000},
	Journal = {Journal of Finance},
	Number = {1},
	Pages = {1--33},
	Title = {{Does Algorithmic Trading Increase Liquidity?}},
	Volume = {66},
	Year = {2011}}

@article{Boehmer2014,
	Author = {Boehmer, Ekkehart and Fong, Kingsley Y. L. and Wu, Julie},
	Date-Added = {2017-07-27 19:53:03 +0000},
	Date-Modified = {2017-07-27 19:53:03 +0000},
	Journal = {SSRN working paper},
	Title = {{International Evidence on Algorithmic Trading}},
	Year = {2014}}

@article{Afonso2012,
	Author = {Afonso, Ant{\'{o}}nio and Martins, Manuel M F},
	Date-Added = {2017-07-27 19:50:36 +0000},
	Date-Modified = {2017-07-27 19:50:36 +0000},
	Journal = {Journal of Banking and Finance},
	Number = {6},
	Pages = {1789--1807},
	Title = {{Level, slope, curvature of the sovereign yield curve, and fiscal behaviour}},
	Volume = {36},
	Year = {2012}}

@article{Beltran-Lopez2009,
	Author = {Beltran-Lopez, H{\'{e}}l{\'{e}}na and Giot, Pierre and Grammig, Joachim},
	Date-Added = {2017-07-27 19:50:32 +0000},
	Date-Modified = {2017-07-27 19:50:32 +0000},
	Journal = {Financial Markets and Portfolio Management},
	Number = {3},
	Pages = {209--242},
	Title = {{Commonalities in the order book}},
	Volume = {23},
	Year = {2009}}

@article{Brogaard2014,
	Author = {Brogaard, Jonathan and Hendershott, Terrence and Riordan, Ryan},
	Date-Added = {2017-07-27 19:50:23 +0000},
	Date-Modified = {2017-07-27 19:50:23 +0000},
	Journal = {Review of Financial Studies},
	Number = {8},
	Pages = {2267--2306},
	Title = {{High-frequency trading and price discovery}},
	Volume = {27},
	Year = {2014}}

@article{Cao2009,
	Author = {Cao, Charles and Hansch, Oliver and Wang, Xiaoxin},
	Date-Added = {2017-07-27 19:50:09 +0000},
	Date-Modified = {2017-07-27 19:50:09 +0000},
	Journal = {Journal of Financial Markets},
	Number = {1},
	Pages = {16--41},
	Title = {{The information content of an open limit-order book}},
	Volume = {29},
	Year = {2009}}

@article{Cenesizoglu2014,
	Author = {Cenesizoglu, Tolga and Dionne, Georges and Xiaozhou, Zhou},
	Date-Added = {2017-07-27 19:50:04 +0000},
	Date-Modified = {2017-07-27 19:50:04 +0000},
	Journal = {SSRN working paper},
	Title = {{Effects of the Limit Order Book on Price Dynamics}},
	Year = {2014}}

@article{Clarke2015,
	Author = {Clarke, Charles},
	Date-Added = {2017-07-27 19:49:57 +0000},
	Date-Modified = {2017-07-27 19:49:57 +0000},
	Journal = {SSRN working paper},
	Title = {{The Level, Slope and Curve Factor Model for Stocks}},
	Year = {2015}}

@article{Gould2015,
	Author = {Gould, Martin D. and Bonart, Julius},
	Date-Added = {2017-07-27 19:49:33 +0000},
	Date-Modified = {2017-07-27 19:49:33 +0000},
	Journal = {SSRN working paper},
	Title = {{Queue Imbalance as a One-Tick-Ahead Price Predictor in a Limit Order Book}},
	Year = {2015}}

@article{Hasbrouck1995,
	Author = {Hasbrouck, Joel},
	Date-Added = {2017-07-27 19:49:22 +0000},
	Date-Modified = {2017-07-27 19:49:22 +0000},
	Journal = {Journal of Finance},
	Number = {4},
	Pages = {1175--1199},
	Title = {{One Security, Many Markets: Determining Contributions to Price Discovery}},
	Volume = {L},
	Year = {1995}}

@article{Hasbrouck2013,
	Author = {Hasbrouck, Joel and Saar, Gideon},
	Date-Added = {2017-07-27 19:49:19 +0000},
	Date-Modified = {2017-07-27 19:49:19 +0000},
	Journal = {Journal of Financial Markets},
	Number = {4},
	Pages = {646--679},
	Title = {{Low-latency trading}},
	Volume = {16},
	Year = {2013}}

@incollection{Hautsch2012,
	Author = {Hautsch, Nikolaus and Huang, Ruihong},
	Booktitle = {Market Microstructure},
	Date-Added = {2017-07-27 19:49:12 +0000},
	Date-Modified = {2017-07-27 19:49:12 +0000},
	Pages = {137--161},
	Publisher = {John Wiley {\&} Sons Ltd},
	Title = {{Limit Order Flow, Market Impact, and Optimal Order Sizes: Evidence from NASDAQ}},
	Year = {2012}}

@article{Hirschey2013,
	Author = {Hirschey, Nicholas H.},
	Date-Added = {2017-07-27 19:49:06 +0000},
	Date-Modified = {2017-07-27 19:49:06 +0000},
	Journal = {SSRN working paper},
	Title = {{Do High Frequency Traders Anticipate Buying and Selling Pressure?}},
	Year = {2013}}

@article{Kaniel2006,
	Author = {Kaniel, Ron and Liu, Hong},
	Date-Added = {2017-07-27 19:48:50 +0000},
	Date-Modified = {2017-07-27 19:48:50 +0000},
	Journal = {Journal of Business},
	Title = {{So what orders do informed traders use?}},
	Year = {2006}}

@article{Litterman1991,
	Author = {Litterman, Robert and Scheinkman, Jos{\'{e}}},
	Date-Added = {2017-07-27 19:48:15 +0000},
	Date-Modified = {2017-07-27 19:48:15 +0000},
	Journal = {Journal of Fixed Income},
	Number = {1},
	Pages = {54--61},
	Title = {{Common Factors Affecting Bond Returns}},
	Volume = {1},
	Year = {1991}}

@article{Lustig2011,
	Author = {Lustig, Hanno and Roussanov, Nikolai and Verdelhan, Adrien},
	Date-Added = {2017-07-27 19:48:11 +0000},
	Date-Modified = {2017-07-27 19:48:11 +0000},
	Journal = {Review of Financial Studies},
	Number = {11},
	Pages = {3731--3777},
	Title = {{Common risk factors in currency markets}},
	Volume = {24},
	Year = {2011}}

@article{OHara2014,
	Author = {O'Hara, Maureen and Yao, Chen and Ye, Mao},
	Date-Added = {2017-07-27 19:47:39 +0000},
	Date-Modified = {2017-07-27 19:47:39 +0000},
	Journal = {Journal of Finance},
	Number = {5},
	Pages = {2199--2236},
	Title = {{What's Not There: Odd Lots and Market Data}},
	Volume = {LXIX},
	Year = {2014}}

@article{OHara2015,
	Author = {O'Hara, Maureen},
	Date-Added = {2017-07-27 19:47:39 +0000},
	Date-Modified = {2017-07-27 19:47:39 +0000},
	Journal = {Journal of Financial Economics},
	Number = {2},
	Pages = {257--270},
	Title = {{High frequency market microstructure}},
	Volume = {116},
	Year = {2015}}

@article{Yuferova2015,
	Author = {Yuferova, Darya},
	Date-Added = {2017-07-27 19:47:01 +0000},
	Date-Modified = {2017-07-27 19:47:01 +0000},
	Journal = {SSRN working paper},
	Title = {{Intraday Return Predictability, Informed Limit Orders, and Algorithmic Trading}},
	Year = {2015}}

@article{Hasbrouck1991,
	Author = {Joel Hasbrouck},
	Date-Added = {2017-07-27 19:39:06 +0000},
	Date-Modified = {2017-07-27 19:44:31 +0000},
	Journal = {The Journal of Finance},
	Keywords = {Market Microstructure},
	Number = {1},
	Title = {Measuring the Information Content of Stock Trades},
	Volume = {46},
	Year = {1991}}

@article{Paninski2004,
	Author = {Liam Paninski},
	Date-Added = {2017-06-23 20:17:42 +0000},
	Date-Modified = {2017-06-23 20:18:52 +0000},
	Journal = {Network: Computation in Neural Systems},
	Keywords = {Econometrics},
	Pages = {243-262},
	Title = {Maximum likelihood estimation of cascade point-process neural encoding models},
	Volume = {15},
	Year = {2004}}

@article{Wuyts2012,
	Author = {Gunther Wuyts},
	Date-Added = {2017-06-23 20:14:15 +0000},
	Date-Modified = {2017-06-23 20:15:57 +0000},
	Journal = {The European Journal of Finance},
	Keywords = {Market Microstructure, Price Impact},
	Number = {10},
	Pages = {1015-1038},
	Title = {The impact of aggressive orders in an order-driven market: a simulation approach},
	Volume = {18},
	Year = {2012}}

@article{Cont2013B,
	Author = {Rama Cont and Arseniy Kukanov and Sasha Stoikov},
	Date-Added = {2017-06-23 20:09:26 +0000},
	Date-Modified = {2017-06-23 20:10:45 +0000},
	Journal = {Journal of Financial Econometrics},
	Keywords = {Market Microstructure, Price Impact},
	Number = {0},
	Pages = {1-42},
	Title = {The Price Impact of Order Book Events},
	Volume = {0},
	Year = {2013}}

@article{Rambaldi2016,
	Author = {Marcello Rambaldi and Emmanuel Bacry and Fabrizio Lillo},
	Date-Added = {2017-06-23 20:07:06 +0000},
	Date-Modified = {2017-06-23 20:08:42 +0000},
	Journal = {Quantitative Finance},
	Keywords = {Market Microstructure},
	Number = {7},
	Pages = {999-1020},
	Title = {The role of volume in order book dynamics: a multivariate Hawkes process analysis},
	Volume = {17},
	Year = {2017}}

@article{Goettler2009,
	Author = {Ronald L. Goettler and Christine A. Parlour and Uday Rajan},
	Date-Added = {2017-06-23 20:05:29 +0000},
	Date-Modified = {2017-06-23 20:06:20 +0000},
	Journal = {Journal of Financial Economics},
	Keywords = {Market Microstructure},
	Pages = {67-87},
	Title = {Informed traders and limir order markets},
	Volume = {93},
	Year = {2009}}

@article{Glosten1985,
	Author = {Lawrence R. Glosten and Paul R. Milgrom},
	Date-Added = {2017-06-23 20:04:02 +0000},
	Date-Modified = {2017-06-23 20:05:07 +0000},
	Journal = {Journal of Financial Economics},
	Keywords = {Market Microstructure},
	Pages = {71-100},
	Title = {Bid, Ask, and Transaction Prices in a Specialist Market with Heterogeneously Informed Traders},
	Volume = {14},
	Year = {1985}}

@inproceedings{Farmer2005,
	Author = {J. Doyne Farmer and Paolo Patelli and Ilija I. Zovko},
	Booktitle = {Proceedings of the National Academy of Sciences of the United States of America},
	Date-Added = {2017-06-23 19:58:20 +0000},
	Date-Modified = {2017-06-23 20:03:34 +0000},
	Keywords = {Market Microstructure},
	Month = {February},
	Rating = {3},
	Read = {1},
	Title = {The predicitve power of zero intelligence in financial markets},
	Year = {2005}}

@article{Cont2013,
	Author = {Rama Cont and Adrien de Larrard},
	Date-Added = {2017-06-23 19:55:55 +0000},
	Date-Modified = {2017-06-23 19:57:13 +0000},
	Journal = {SIAM Journal of Financial Mathematics},
	Keywords = {Market Microstructure},
	Pages = {1-25},
	Title = {Price Dynamics in a Markovian Limit Order Market},
	Volume = {4},
	Year = {2013}}

@article{Huang2015,
	Author = {Weibing Huang and Charles-Albert Lehalle and Mathieu Rosenbaum},
	Date-Added = {2017-06-23 19:41:27 +0000},
	Date-Modified = {2017-06-23 19:43:47 +0000},
	Journal = {Journal of the American Statistical Association},
	Keywords = {Market Microstructure},
	Number = {509},
	Pages = {107-122},
	Title = {Simulating and Analyzing Order Book Data: The Queue-Reactive Model},
	Volume = {110},
	Year = {2015}}

@article{Kyle1985,
	Author = {Albert S. Kyle},
	Date-Added = {2017-06-23 19:40:08 +0000},
	Date-Modified = {2017-06-23 19:40:55 +0000},
	Journal = {Econometrica},
	Keywords = {Market Microstructure},
	Number = {6},
	Pages = {1315-1336},
	Rating = {5},
	Read = {1},
	Title = {Continuous Auctions and Insider Trading},
	Volume = {53},
	Year = {1985}}

@article{Rosu2009,
	Author = {Ioanid Rosu},
	Date-Added = {2017-06-23 19:37:58 +0000},
	Date-Modified = {2017-06-23 19:39:39 +0000},
	Journal = {Review of Financial Studies},
	Keywords = {Market Microstructure},
	Number = {11},
	Pages = {4601-4641},
	Title = {A Dynamic Model of the Limit Order Book},
	Volume = {22},
	Year = {2009}}

@article{Large2007,
	Author = {Jeremy Large},
	Date-Added = {2017-06-23 19:35:48 +0000},
	Date-Modified = {2017-06-23 19:36:57 +0000},
	Journal = {Journal of Financial Markets},
	Keywords = {Market Microstructure},
	Pages = {1-25},
	Rating = {4},
	Read = {1},
	Title = {Measuring the resiliency of an electronic limit order book},
	Volume = {10},
	Year = {2007}}

@article{Bowsher2007,
	Author = {Clive G. Bowsher},
	Date-Added = {2017-06-23 19:31:14 +0000},
	Date-Modified = {2017-06-23 19:32:39 +0000},
	Journal = {Journal of Econometrics},
	Keywords = {Market Microstructure, Econometrics},
	Pages = {876-912},
	Title = {Modelling security market events in continuous time: Intensity based, multivariate point process models},
	Volume = {141},
	Year = {2007}}

@article{Bacry2013,
	Author = {Emmanuel Bacry and Sylvain Delattre and Marc Hoffman and J.F. Muzy},
	Date-Added = {2017-06-23 19:26:57 +0000},
	Date-Modified = {2017-06-23 19:30:44 +0000},
	Journal = {Quantitative Finance},
	Keywords = {Market Microstructure, Econometrics},
	Number = {1},
	Pages = {65-77},
	Title = {Modeling microstructure noise with mutually exciting point processes},
	Volume = {13},
	Year = {2013}}

@article{Avellaneda2011,
	Author = {Marco Avellaneda and Josh Reed and Sasha Stoikov},
	Date-Added = {2017-06-23 19:20:13 +0000},
	Date-Modified = {2017-06-23 19:21:52 +0000},
	Journal = {Algorithmic Finance},
	Keywords = {Market Microstructure, High Frequency Trading},
	Pages = {35-43},
	Rating = {3},
	Read = {1},
	Title = {Forecasting prices from level-I quotes in the presence of hidden liquidity},
	Year = {2011}}

@inproceedings{Nevmyvaka2006,
	Author = {Yuriy Nevmyvaka and Yi Feng and Michael Kearns},
	Booktitle = {Proceedings of the twenty-third international conference on machine learning},
	Date-Added = {2017-06-23 19:16:14 +0000},
	Date-Modified = {2017-06-23 19:18:37 +0000},
	Keywords = {Market Microstructure, Optimal Execution},
	Pages = {673-680},
	Rating = {3},
	Read = {1},
	Title = {Reinforcement Learning for Optimal Order Execution},
	Year = {2006}}

@inproceedings{Hewlett2006,
	Author = {Patrick Hewlett},
	Booktitle = {Proceedings of the Workshop on Financial Modeling with Jump Processes},
	Date-Added = {2017-06-23 19:07:56 +0000},
	Date-Modified = {2017-06-23 19:10:16 +0000},
	Keywords = {Market Microstructure, Optimal Execution},
	Title = {Clustering of order arrivals, price impact and trade path optimisation},
	Year = {2006}}

@article{Cont2017,
	Author = {Rama Cont and Arseniy Kukanov},
	Date-Added = {2017-06-23 19:01:21 +0000},
	Date-Modified = {2017-06-23 19:01:21 +0000},
	Doi = {10.1080/14697688.2016.1190030},
	Eprint = {http://dx.doi.org/10.1080/14697688.2016.1190030},
	Journal = {Quantitative Finance},
	Keywords = {Market Microstructure, Optimal Execution},
	Number = {1},
	Pages = {21-39},
	Title = {Optimal order placement in limit order markets},
	Url = {http://dx.doi.org/10.1080/14697688.2016.1190030},
	Volume = {17},
	Year = {2017},
	Bdsk-Url-1 = {http://dx.doi.org/10.1080/14697688.2016.1190030}}

@article{Bertsimas1998,
	Author = {Dimitris Bertsimas and Andrew W. Lo},
	Date-Added = {2017-06-23 18:55:22 +0000},
	Date-Modified = {2017-07-27 20:25:19 +0000},
	Journal = {Journal of Financial Markets},
	Keywords = {Market Microstructure, Optimal Execution},
	Pages = {1-50},
	Title = {Optimal control of execution costs},
	Volume = {1},
	Year = {1998}}

@article{Almgren2000,
	Author = {Robert Almgren and Niel Chriss},
	Date-Added = {2017-06-23 18:52:22 +0000},
	Date-Modified = {2017-07-27 20:25:11 +0000},
	Journal = {Journal of Risk},
	Keywords = {Market Microstructure, Optimal Execution},
	Number = {39},
	Title = {Optimal Execution of Portfolio Transactions},
	Volume = {5},
	Year = {2000}}

@article{Alfonsi2016,
	Author = {Aur{\'e}lien Alfonsi and Pierre Blanc},
	Date-Added = {2017-06-23 17:26:20 +0000},
	Date-Modified = {2017-07-27 20:28:56 +0000},
	Journal = {Finance and Stochastics},
	Keywords = {Market Microstructure, Econometrics, Optimal Execution},
	Pages = {183-218},
	Title = {Dynamic optimal execution in a mixed-market-impact Hawkes price model},
	Volume = {20},
	Year = {2016}}

@phdthesis{Linderman2015,
	Author = {Scott W. Linderman},
	Date-Added = {2017-06-23 17:23:43 +0000},
	Date-Modified = {2017-06-23 17:24:58 +0000},
	Keywords = {Econometrics},
	Month = {May},
	Rating = {5},
	Read = {1},
	School = {Harvard University},
	Title = {Bayesian Methods for Discovering Structure in Neural Spike Trains},
	Year = {2016}}

@article{Fonseca2014,
	Author = {Jos{\'e} Da Fonseca, Riadh Zaatour},
	Date-Added = {2017-06-23 17:21:59 +0000},
	Date-Modified = {2017-06-23 17:23:27 +0000},
	Journal = {The Journal of Futures Markets},
	Keywords = {Econometrics, Market Microstructure},
	Number = {6},
	Pages = {548-579},
	Title = {Hawkes Process: Fast Calibration, Application to Trade Clustering, and Diffusive Limit},
	Volume = {34},
	Year = {2014}}

@incollection{Bouchaud2009,
	Address = {San Diego},
	Author = {Jean-Philippe Bouchaud and J. Doyne Farmer and Fabrizio Lillo},
	Booktitle = {Handbook of Financial Markets: Dynamics and Evolution},
	Date-Added = {2017-06-23 17:20:21 +0000},
	Date-Modified = {2017-06-23 17:20:34 +0000},
	Doi = {https://doi.org/10.1016/B978-012374258-2.50006-3},
	Editor = {Hens, Thorsten and Schenk-Hopp{\'e}, Klaus Reiner},
	Issn = {15684997},
	Keywords = {Market Microstructure},
	Pages = {57 - 160},
	Publisher = {North-Holland},
	Series = {Handbooks in Finance},
	Title = {How Markets Slowly Digest Changes in Supply and Demand},
	Url = {http://www.sciencedirect.com/science/article/pii/B9780123742582500063},
	Year = {2009},
	Bdsk-Url-1 = {http://www.sciencedirect.com/science/article/pii/B9780123742582500063},
	Bdsk-Url-2 = {https://doi.org/10.1016/B978-012374258-2.50006-3}}

@article{Biais1995,
	Author = {Bruno Biais and Pierre Hillion and Chester Spatt},
	Date-Added = {2017-06-23 17:15:20 +0000},
	Date-Modified = {2017-07-27 19:43:46 +0000},
	Journal = {The Journal of Finance},
	Keywords = {Market Microstructure},
	Number = {5},
	Pages = {1655-1689},
	Title = {An Empirical Analysis of the Limit Order Book and the Order Flow in the Paris Bourse},
	Volume = {50},
	Year = {1995}}

@unpublished{Xu2015,
	Author = {Jiangmin Xu},
	Date-Added = {2017-06-23 17:04:18 +0000},
	Date-Modified = {2017-06-23 17:05:46 +0000},
	Keywords = {Market Microstructure, High Frequency Trading},
	Note = {Available at SSRN: https://ssrn.com/abstract=2382378},
	Rating = {5},
	Read = {1},
	Title = {Optimal Strategies of High Frequency Traders},
	Year = {2015}}

@article{Menkveld2013,
	Author = {Albert J. Menkveld},
	Date-Added = {2017-06-23 16:59:42 +0000},
	Date-Modified = {2017-06-23 17:01:10 +0000},
	Journal = {Journal of Financial Markets},
	Keywords = {Market Microstructure, High Frequency Trading},
	Pages = {712-740},
	Title = {High frequency trading and the new market makers},
	Volume = {16},
	Year = {2013}}

@unpublished{Korajczyk2016,
	Author = {Robert A. Korajczyk},
	Date-Added = {2017-06-23 16:57:42 +0000},
	Date-Modified = {2017-06-23 16:59:06 +0000},
	Keywords = {Market Microstructure},
	Note = {Available at SSRN: https://ssrn.com/abstract=2567016},
	Title = {High Frequency Market Making to Large Institutional Trades},
	Year = {2016}}

@article{Easley2012,
	Author = {David Easley, Marcos M. L{\'o}pez de Prado, Maureen O'Hara},
	Date-Added = {2017-06-23 16:52:36 +0000},
	Date-Modified = {2017-06-23 17:01:34 +0000},
	Journal = {Review of Financial Studies},
	Keywords = {Market Microstructure, High Frequency Trading},
	Number = {5},
	Pages = {1457-1493},
	Title = {Flow Toxicity and Liquidity in a High-Frequency World},
	Volume = {25},
	Year = {2012}}

@article{Ho1981,
	Author = {Thomas Ho, Hans R. Stoll},
	Date-Added = {2017-06-23 16:50:41 +0000},
	Date-Modified = {2017-06-23 16:51:45 +0000},
	Journal = {Journal of Financial Economics},
	Keywords = {Market Microstructure},
	Pages = {47-73},
	Title = {Optimal Dealer Pricing Under Transactions and Return Uncertainty},
	Volume = {9},
	Year = {1981}}

@article{Manaster1996,
	Author = {Steven Manaster, Steven C. Mann},
	Date-Added = {2017-06-23 16:48:59 +0000},
	Date-Modified = {2017-06-23 16:50:00 +0000},
	Journal = {The Review of Financial Studies},
	Keywords = {Market Microstructure},
	Number = {3},
	Pages = {953-975},
	Title = {Life in the Pits: Competitive Market Making and Inventory Control},
	Volume = {9},
	Year = {1996}}

@article{Hakansson1985,
	Author = {Nils H. Hakansson, Avraham Beja, Jivendra Kale},
	Date-Added = {2017-06-23 16:46:42 +0000},
	Date-Modified = {2017-06-23 16:48:46 +0000},
	Journal = {The Journal of Finance},
	Keywords = {Market Microstructure},
	Month = {March},
	Number = {1},
	Pages = {1-20},
	Title = {On the Feasibility of Automated Market Making by a Programmed Specialist},
	Volume = {40},
	Year = {1985}}

@article{Garman1976,
	Author = {Mark B. Garman},
	Date-Added = {2017-06-23 16:45:37 +0000},
	Date-Modified = {2017-06-23 16:46:29 +0000},
	Journal = {Journal of Financial Economics},
	Keywords = {Market Microstructure},
	Pages = {257-275},
	Title = {Market Microstructure},
	Volume = {3},
	Year = {1976}}

@article{Fleming1999,
	Author = {Michael J. Fleming, Eli M. Remolona},
	Date-Added = {2017-06-23 16:43:22 +0000},
	Date-Modified = {2017-06-23 16:45:22 +0000},
	Journal = {The Journal of Finance},
	Keywords = {Market Microstructure},
	Month = {October},
	Number = {5},
	Pages = {1901-1915},
	Title = {Price Formation and Liquidity in the U.S. Treasury Market: The Response to Public Information},
	Volume = {54},
	Year = {1999}}

@article{Amihud1980,
	Author = {Yakov Amihud and Haim Mendelson},
	Date-Added = {2017-06-23 16:37:33 +0000},
	Date-Modified = {2017-06-23 20:33:43 +0000},
	Journal = {Journal of Financial Economics},
	Keywords = {Market Microstructure},
	Pages = {31-53},
	Title = {Dealership Market Market-Making with Inventory},
	Volume = {8},
	Year = {1980},
	Bdsk-File-1 = {YnBsaXN0MDDUAQIDBAUGJCVYJHZlcnNpb25YJG9iamVjdHNZJGFyY2hpdmVyVCR0b3ASAAGGoKgHCBMUFRYaIVUkbnVsbNMJCgsMDxJXTlMua2V5c1pOUy5vYmplY3RzViRjbGFzc6INDoACgAOiEBGABIAFgAdccmVsYXRpdmVQYXRoWWFsaWFzRGF0YV8QSS4uLy4uL0Ryb3Bib3gvUmVzZWFyY2gvaGZ0LWhhd2tlcy9yZWZlcmVuY2VzL01hcmtldCBNYWtpbmcvQW1paHVkMTk4MC5wZGbSFwsYGVdOUy5kYXRhTxEB+AAAAAAB+AACAAAMTWFjaW50b3NoIEhEAAAAAAAAAAAAAAAAAAAA0oVLVUgrAAABDTTJDkFtaWh1ZDE5ODAucGRmAAAAAAAAAAAAAAAAAAAAAAAAAAAAAAAAAAAAAAAAAAAAAAAAAAAAAAAAAAAAAAAAAAENa53Vba2pAAAAAAAAAAAAAgAGAAAJIAAAAAAAAAAAAAAAAAAAAA1NYXJrZXQgTWFraW5nAAAQAAgAANKFn7UAAAARAAgAANVt8/kAAAABABwBDTTJAPfhrwCO1ukAqnxlAA9RuwAJYqoABizwAAIAaU1hY2ludG9zaCBIRDpVc2VyczoAY29saW5zd2FuZXk6AERyb3Bib3g6AFJlc2VhcmNoOgBoZnQtaGF3a2VzOgByZWZlcmVuY2VzOgBNYXJrZXQgTWFraW5nOgBBbWlodWQxOTgwLnBkZgAADgAeAA4AQQBtAGkAaAB1AGQAMQA5ADgAMAAuAHAAZABmAA8AGgAMAE0AYQBjAGkAbgB0AG8AcwBoACAASABEABIAVVVzZXJzL2NvbGluc3dhbmV5L0Ryb3Bib3gvUmVzZWFyY2gvaGZ0LWhhd2tlcy9yZWZlcmVuY2VzL01hcmtldCBNYWtpbmcvQW1paHVkMTk4MC5wZGYAABMAAS8AABUAAgAS//8AAIAG0hscHR5aJGNsYXNzbmFtZVgkY2xhc3Nlc11OU011dGFibGVEYXRhox0fIFZOU0RhdGFYTlNPYmplY3TSGxwiI1xOU0RpY3Rpb25hcnmiIiBfEA9OU0tleWVkQXJjaGl2ZXLRJidUcm9vdIABAAgAEQAaACMALQAyADcAQABGAE0AVQBgAGcAagBsAG4AcQBzAHUAdwCEAI4A2gDfAOcC4wLlAuoC9QL+AwwDEAMXAyADJQMyAzUDRwNKA08AAAAAAAACAQAAAAAAAAAoAAAAAAAAAAAAAAAAAAADUQ==}}

@article{Bagehot1971,
	Author = {Walter Bagehot},
	Date-Added = {2017-06-23 16:33:10 +0000},
	Date-Modified = {2017-06-23 16:36:41 +0000},
	Journal = {Financial Analysts Journal},
	Keywords = {Market Microstructure},
	Number = {2},
	Pages = {12-14},
	Title = {The Only Game in Town},
	Volume = {27},
	Year = {1971},
	Bdsk-File-1 = {YnBsaXN0MDDUAQIDBAUGJCVYJHZlcnNpb25YJG9iamVjdHNZJGFyY2hpdmVyVCR0b3ASAAGGoKgHCBMUFRYaIVUkbnVsbNMJCgsMDxJXTlMua2V5c1pOUy5vYmplY3RzViRjbGFzc6INDoACgAOiEBGABIAFgAdccmVsYXRpdmVQYXRoWWFsaWFzRGF0YV8QSi4uLy4uL0Ryb3Bib3gvUmVzZWFyY2gvaGZ0LWhhd2tlcy9yZWZlcmVuY2VzL01hcmtldCBNYWtpbmcvQmFnZWhvdDE5NzEucGRm0hcLGBlXTlMuZGF0YU8RAfoAAAAAAfoAAgAADE1hY2ludG9zaCBIRAAAAAAAAAAAAAAAAAAAANKFS1VIKwAAAQ00yQ9CYWdlaG90MTk3MS5wZGYAAAAAAAAAAAAAAAAAAAAAAAAAAAAAAAAAAAAAAAAAAAAAAAAAAAAAAAAAAAAAAAABDXVi1W55cgAAAAAAAAAAAAIABgAACSAAAAAAAAAAAAAAAAAAAAANTWFya2V0IE1ha2luZwAAEAAIAADShZ+1AAAAEQAIAADVbr/CAAAAAQAcAQ00yQD34a8AjtbpAKp8ZQAPUbsACWKqAAYs8AACAGpNYWNpbnRvc2ggSEQ6VXNlcnM6AGNvbGluc3dhbmV5OgBEcm9wYm94OgBSZXNlYXJjaDoAaGZ0LWhhd2tlczoAcmVmZXJlbmNlczoATWFya2V0IE1ha2luZzoAQmFnZWhvdDE5NzEucGRmAA4AIAAPAEIAYQBnAGUAaABvAHQAMQA5ADcAMQAuAHAAZABmAA8AGgAMAE0AYQBjAGkAbgB0AG8AcwBoACAASABEABIAVlVzZXJzL2NvbGluc3dhbmV5L0Ryb3Bib3gvUmVzZWFyY2gvaGZ0LWhhd2tlcy9yZWZlcmVuY2VzL01hcmtldCBNYWtpbmcvQmFnZWhvdDE5NzEucGRmABMAAS8AABUAAgAS//8AAIAG0hscHR5aJGNsYXNzbmFtZVgkY2xhc3Nlc11OU011dGFibGVEYXRhox0fIFZOU0RhdGFYTlNPYmplY3TSGxwiI1xOU0RpY3Rpb25hcnmiIiBfEA9OU0tleWVkQXJjaGl2ZXLRJidUcm9vdIABAAgAEQAaACMALQAyADcAQABGAE0AVQBgAGcAagBsAG4AcQBzAHUAdwCEAI4A2wDgAOgC5gLoAu0C+AMBAw8DEwMaAyMDKAM1AzgDSgNNA1IAAAAAAAACAQAAAAAAAAAoAAAAAAAAAAAAAAAAAAADVA==}}

@article{Baks2001,
	Author = {Klass P. Baks and Andrew Metrick and Jessica Wachter},
	Date-Modified = {2017-06-23 16:25:29 +0000},
	Journal = {The Journal of Finance},
	Keywords = {Mutual Funds},
	Number = {1},
	Pages = {45--86},
	Title = {Should investors avoid all actively managed mutual funds? A study in bayesian performance evaluation},
	Volume = {56},
	Year = {2001}}

@article{Barras2010,
	Author = {Laurent Barras and Olivier Scaillet and Russ Wermers},
	Date-Modified = {2017-06-23 16:26:01 +0000},
	Journal = {The Journal of Finance},
	Keywords = {Mutual Funds},
	Pages = {179--216},
	Title = {False discoveries in mutual fund performance: measuring luck in estimated alphas},
	Volume = {65},
	Year = {2010}}

@article{Berk2004,
	Author = {Jonathan B. Berk and Richard C. Green},
	Date-Modified = {2017-06-23 16:26:09 +0000},
	Journal = {Journal of Political Economy},
	Keywords = {Mutual Funds},
	Pages = {1269--1295},
	Title = {Mutual fund flows and performance in rational markets},
	Volume = {112},
	Year = {2004}}

@article{Carhart1997,
	Author = {Mark M. Carhart},
	Date-Modified = {2017-06-23 16:26:17 +0000},
	Journal = {The Journal of Finance},
	Keywords = {Mutual Funds},
	Pages = {57--82},
	Title = {On persistence in mutual fund performance},
	Volume = {52},
	Year = {1997}}

@article{Chen2011,
	Author = {Yong Chen and Michael T. Cliff and Haibei Zhao},
	Date-Modified = {2017-06-23 16:32:31 +0000},
	Journal = {Journal of Financial and Quantitative Analysis},
	Keywords = {Mutual Funds},
	Number = {3},
	Pages = {1081-1109},
	Read = {1},
	Title = {Hedge Funds: the Good, the Bad, and the Lucky},
	Volume = {52},
	Year = {2017}}

@article{Dempster1977,
	Author = {A.P. Dempster and Nan Laird and Donald Rubin},
	Date-Modified = {2017-06-23 16:28:29 +0000},
	Journal = {Journal of the Royal Statistical Society, Series B},
	Keywords = {Econometrics},
	Pages = {1--38},
	Title = {Maximum likelihood from incomplete data via the EM algorithm},
	Volume = {39},
	Year = {1977}}

@article{Fama1993,
	Author = {Eugene F. Fama and Kenneth R. French},
	Date-Modified = {2017-06-23 16:27:34 +0000},
	Journal = {Journal of Financial Economics},
	Keywords = {Mutual Funds, Asset Pricing},
	Pages = {3--56},
	Title = {Common risk factors in the returns of stocks and bonds},
	Volume = {33},
	Year = {1993}}

@article{Gruber1996,
	Author = {Martin J. Gruber},
	Date-Modified = {2017-06-23 16:27:47 +0000},
	Journal = {Journal of Finance},
	Keywords = {Mutual Funds},
	Pages = {783--810},
	Title = {Another Puzzle: The Growth in Actively Managed Mutual Funds},
	Volume = {51},
	Year = {1996}}

@article{Jensen1968,
	Author = {Jensen, Michael C},
	Date-Modified = {2017-06-23 16:28:37 +0000},
	Journal = {The Journal of Finance},
	Keywords = {Mutual Funds},
	Number = {2},
	Pages = {389--416},
	Title = {The performance of mutual funds in the period 1945--1964},
	Volume = {23},
	Year = {1968}}

@article{Kosowski2006,
	Author = {Robert Kosowski and Allan Timmermann and Russ Wermers and Halbert White},
	Date-Modified = {2017-06-23 16:28:48 +0000},
	Journal = {The Journal of Finance},
	Keywords = {Mutual Funds},
	Pages = {2551--2595},
	Title = {Can mutual fund ``stars'' really pick stocks? New evidence from a bootstrap analysis},
	Volume = {61},
	Year = {2006}}

@article{Newey1994,
	Author = {Whitney K. Newey and Kenneth D. West},
	Date-Modified = {2017-06-23 16:29:05 +0000},
	Journal = {Review of Economic Studies},
	Keywords = {Econometrics},
	Pages = {631--653},
	Title = {Automatic Lag Selection in Covariance Matrix Estimation},
	Volume = {61},
	Year = {1994}}

@article{Pastor2012,
	Author = {Lubos Pastor and Robert F. Stambaugh},
	Date-Modified = {2017-06-23 16:29:15 +0000},
	Journal = {Journal of Political Economy},
	Keywords = {Mutual Funds},
	Pages = {740--781},
	Title = {On the size of the active management industry},
	Volume = {120},
	Year = {2012}}

@article{Storey2002,
	Author = {John D. Storey},
	Date-Modified = {2017-06-23 16:29:22 +0000},
	Journal = {Journal of the Royal Statistical Society},
	Keywords = {Econometrics},
	Pages = {479--498},
	Title = {A direct approach to false discovery rates},
	Volume = {64},
	Year = {2002}}

@book{Casella2010,
	Address = {New York},
	Author = {Christian Robert and George Casella},
	Date-Modified = {2017-06-23 16:28:24 +0000},
	Keywords = {Econometrics},
	Publisher = {Springer},
	Title = {Introducing Monte Carlo Methods with R},
	Year = {2010}}

@book{Hayashi2011,
	Address = {Princeton},
	Author = {Fumio Hayashi},
	Date-Modified = {2017-06-23 16:28:13 +0000},
	Keywords = {Econometrics},
	Publisher = {Princeton University Press, Princeton},
	Title = {Econometrics},
	Year = {2011}}

@inproceedings{Naim2012,
	Author = {Iftekhar Naim and Daniel Gildea},
	Booktitle = {International Conference on Machine Learning (ICML)},
	Date-Modified = {2017-06-23 16:28:58 +0000},
	Keywords = {Econometrics},
	Title = {Convergence of the {EM} Algorithm for {Gaussian} Mixtures with Unbalanced Mixing Coefficients},
	Year = {2012}}
